<record><leader>00000cas a22000007a 4500</leader><controlfield tag="001">12854336</controlfield><controlfield tag="008">851127c19439999txuwr ne      0   a0eng d</controlfield><datafield ind1=" " ind2=" " tag="010"><subfield code="a">sn 86002227 </subfield></datafield><datafield ind1=" " ind2=" " tag="040"><subfield code="a">TAI</subfield><subfield code="b">eng</subfield><subfield code="c">TAI</subfield><subfield code="d">NSD</subfield><subfield code="d">PPM</subfield><subfield code="d">NVJ</subfield><subfield code="d">OCLCQ</subfield><subfield code="d">OCLCF</subfield><subfield code="d">OCLCO</subfield></datafield><datafield ind1=" " ind2=" " tag="012"><subfield code="l">1</subfield><subfield code="m">1</subfield></datafield><datafield ind1="1" ind2=" " tag="022"><subfield code="a">0889-8618</subfield><subfield code="l">0889-8618</subfield><subfield code="2">1</subfield></datafield><datafield ind1=" " ind2=" " tag="032"><subfield code="a">048100</subfield><subfield code="b">USPS</subfield></datafield><datafield ind1=" " ind2=" " tag="037"><subfield code="b">Beeville Bee-Picayune, P.O. Box 10, Beeville, TX 78102</subfield></datafield><datafield ind1=" " ind2=" " tag="042"><subfield code="a">nsdp</subfield><subfield code="a">msc</subfield></datafield><datafield ind1=" " ind2=" " tag="043"><subfield code="a">n-us-tx</subfield></datafield><datafield ind1=" " ind2="0" tag="222"><subfield code="a">Beeville bee-picayune</subfield></datafield><datafield ind1="0" ind2="0" tag="245"><subfield code="a">Beeville bee-picayune.</subfield></datafield><datafield ind1=" " ind2=" " tag="260"><subfield code="a">Beeville, Tex. :</subfield><subfield code="b">Beeville Pub. Co.,</subfield><subfield code="c">1943-</subfield></datafield><datafield ind1=" " ind2=" " tag="300"><subfield code="a">v. :</subfield><subfield code="b">ill. ;</subfield><subfield code="c">58 cm.</subfield></datafield><datafield ind1=" " ind2=" " tag="310"><subfield code="a">Semiweekly</subfield></datafield><datafield ind1=" " ind2=" " tag="321"><subfield code="a">Weekly,</subfield><subfield code="b">1943-Oct. 9, 1969</subfield></datafield><datafield ind1="0" ind2=" " tag="362"><subfield code="a">Vol. 58, no. 13 (July 29, l943)-</subfield></datafield><datafield ind1=" " ind2=" " tag="588"><subfield code="a">Latest issue consulted: Vol. 100, no. 9 (Thursday, June 12, 1986) (Surrogate).</subfield></datafield><datafield ind1=" " ind2="0" tag="650"><subfield code="a">American newspapers</subfield><subfield code="z">Texas</subfield><subfield code="z">Beeville.</subfield></datafield><datafield ind1=" " ind2="7" tag="650"><subfield code="a">American newspapers.</subfield><subfield code="2">fast</subfield><subfield code="0">(OCoLC)fst00807293</subfield></datafield><datafield ind1=" " ind2="7" tag="651"><subfield code="a">Texas</subfield><subfield code="z">Beeville.</subfield><subfield code="2">fast</subfield><subfield code="0">(OCoLC)fst01224599</subfield></datafield><datafield ind1=" " ind2=" " tag="752"><subfield code="a">United States</subfield><subfield code="b">Texas</subfield><subfield code="c">Bee</subfield><subfield code="d">Beeville.</subfield></datafield><datafield ind1="0" ind2="0" tag="780"><subfield code="t">Bee-picayune</subfield><subfield code="w">(DLC)sn 86088133</subfield><subfield code="w">(OCoLC)14051902</subfield></datafield></record>